<?xml version="1.0" encoding="UTF-8"?><collection xmlns="http://www.loc.gov/MARC21/slim"><record><leader>00416nam--2200133-i-4500</leader><controlfield tag="001">000046217</controlfield><controlfield tag="002">20161230</controlfield><controlfield tag="005">20161230201045</controlfield><controlfield tag="008">060222s1000------------r-----000-0-eng-d</controlfield><datafield ind1=" " ind2=" " tag="080"><subfield code="a">528</subfield></datafield><datafield ind1=" " ind2=" " tag="245"><subfield code="a">United states national report 1957-1960. twelfth general assembly international union of geodesy and geophysics</subfield></datafield><datafield ind1=" " ind2=" " tag="260"><subfield code="a">Washington, American Geophysical Union, 1960, 318p</subfield></datafield><datafield ind1=" " ind2=" " tag="700"><subfield code="a">Leasonh.Adams</subfield></datafield><datafield ind1=" " ind2=" " tag="852"><subfield code="a">73434</subfield></datafield></record></collection>